@ARTICLE{crank47,
   author = {{Crank}, John and {Nicolson}, Phyllis},
    title = "{A practical method for numerical evaluation of solutions of partial differential equations of the heat-conduction type}",
  journal = {P. Camb. Philos. Soc.},
     year = 1947,
   volume = 43,
    pages = {50-64},
}

@ARTICLE{feldman05,
   author = {{Feldman}, Uri and {Landi}, E. and {Schwadron}, Nathan~A.},
    title = "{On the sources of fast and slow solar wind}",
  journal = {\jgrs},
     year = 2005,
    month = jul,
   volume = 110,
   number = {A9},
    pages = {7109-+},
      doi = {10.1029/2004JA010918},
   adsurl = {http://adsabs.harvard.edu/abs/2005JGRA..11007109F},
  adsnote = {Provided by the SAO/NASA Astrophysics Data System}
}

@ARTICLE{fisk98,
   author = {{Fisk}, Lennard~A. and {Schwadron}, Nathan~A. and {Zurbuchen}, Thomas~H.},
    title = "{On the Slow Solar Wind}",
  journal = {\ssr},
     year = 1998,
    month = jul,
   volume = 86,
    pages = {51-60},
      doi = {10.1023/A:1005015527146},
   adsurl = {http://adsabs.harvard.edu/abs/1998SSRv...86...51F},
  adsnote = {Provided by the SAO/NASA Astrophysics Data System}
}

@ARTICLE{fisk99a,
   author = {{Fisk}, Lennard~A. and {Zurbuchen}, Thomas~H. and {Schwadron}, Nathan~A.},
    title = "{Coronal Hole Boundaries and their Interactions with Adjacent Regions}",
  journal = {\ssr},
 keywords = {coronal holes, solar wind, Ulysses},
     year = 1999,
    month = jan,
   volume = 87,
    pages = {43-54},
      doi = {10.1023/A:1005153730158},
   adsurl = {http://adsabs.harvard.edu/abs/1999SSRv...87...43F},
  adsnote = {Provided by the SAO/NASA Astrophysics Data System}
}

@ARTICLE{fisk01a,
   author = {{Fisk}, Lennard~A. and {Schwadron}, Nathan~A.},
    title = "{Origin of the Solar Wind: Theory}",
  journal = {\ssr},
     year = 2001,
    month = may,
   volume = 97,
    pages = {21-33},
   adsurl = {http://adsabs.harvard.edu/abs/2001SSRv...97...21F},
  adsnote = {Provided by the SAO/NASA Astrophysics Data System}
}

@ARTICLE{fisk03,
   author = {{Fisk}, Lennard~A.},
    title = "{Acceleration of the solar wind as a result of the reconnection of open magnetic flux with coronal loops}",
  journal = {\jgrs},
     year = 2003,
    month = apr,
   volume = 108,
    pages = {1157-+},
      doi = {10.1029/2002JA009284},
   adsurl = {http://adsabs.harvard.edu/abs/2003JGRA..108.1157F},
  adsnote = {Provided by the SAO/NASA Astrophysics Data System}
}

@ARTICLE{geiss95b,
   author = {{Geiss}, Johannes and {Gloeckler}, George and {von Steiger}, Rudolf},
    title = "{Origin of the Solar Wind From Composition Data}",
  journal = {\ssr},
     year = 1995,
    month = apr,
   volume = 72,
    pages = {49-60},
      doi = {10.1007/BF00768753},
   adsurl = {http://adsabs.harvard.edu/abs/1995SSRv...72...49G},
  adsnote = {Provided by the SAO/NASA Astrophysics Data System}
}

@ARTICLE{gloeckler98a,
   author = {{Gloeckler}, George and {Geiss}, Johannes},
    title = "{Interstellar and Inner Source Pickup Ions Observed with SWICS on ULYSSES}",
  journal = {\ssr},
     year = 1998,
    month = jul,
   volume = 86,
    pages = {127-159},
      doi = {10.1023/A:1005019628054},
   adsurl = {http://adsabs.harvard.edu/abs/1998SSRv...86..127G},
  adsnote = {Provided by the SAO/NASA Astrophysics Data System}
}

@INPROCEEDINGS{gloeckler01b,
   author = {{Gloeckler}, George and {Geiss}, Johannes},
    title = "{Composition of the Local Interstellar Cloud from Observations of Interstellar Pickup Ions}",
booktitle = {Joint SOHO/ACE workshop ''Solar and Galactic Composition''},
     year = 2001,
   series = {American Institute of Physics Conference Series},
   volume = 598,
   editor = {{Wimmer-Schweingruber}, R.~F.},
    pages = {281-289},
   adsurl = {http://adsabs.harvard.edu/abs/2001AIPC..598..281G},
  adsnote = {Provided by the SAO/NASA Astrophysics Data System}
}

@ARTICLE{gloeckler03a,
   author = {{Gloeckler}, George and {Zurbuchen}, Thomas~H. and {Geiss}, Johannes},
    title = "{Implications of the observed anticorrelation between solar wind speed and coronal electron temperature}",
  journal = {\jgrs},
 keywords = {Space Plasma Physics: Magnetic reconnection, Interplanetary Physics: Sources of the solar wind, Interplanetary Physics: Solar cycle variations (7536), Interplanetary Physics: Solar wind plasma,},
     year = 2003,
    month = apr,
   volume = 108,
    pages = {1158-+},
      doi = {10.1029/2002JA009286},
   adsurl = {http://adsabs.harvard.edu/abs/2003JGRA..108.1158G},
  adsnote = {Provided by the SAO/NASA Astrophysics Data System}
}

@BOOK{gombosi98,
   author = {{Gombosi}, Tamas~I.},
    title = "{Physics of the Space Environment}",
publisher = {Cambridge University Press},
     year = 1998,
  address = "Cambridge, UK",
    pages = 339
}

@ARTICLE{gosling95,
   author = {{Gosling}, J.~T. and {Birn}, J. and {Hesse}, M.},
    title = "{Three-dimensional magnetic reconnection and the magnetic topology of coronal mass ejection events}",
  journal = {\grl},
     year = 1995,
    month = apr,
   volume = 22,
    pages = {869-872},
   adsurl = {http://adsabs.harvard.edu/abs/1995GeoRL..22..869G},
  adsnote = {Provided by the SAO/NASA Astrophysics Data System}
}

@ARTICLE{hundhausen68,
   author = {{Hundhausen}, A.~J. and {Gilbert}, H.~E. and {Bame}, S.~J.},
    title = "{Ionization State of the Interplanetary Plasma}",
  journal = {\jgr},
     year = 1968,
    month = sep,
   volume = 73,
    pages = {5485-5493},
   adsurl = {http://adsabs.harvard.edu/abs/1968JGR....73.5485H},
  adsnote = {Provided by the SAO/NASA Astrophysics Data System}
}

@ARTICLE{ipavich98,
   author = {{Ipavich}, F.~M. and {Galvin}, A.~B. and {Lasley}, S.~E. and 
	{Paquette}, J.~A. and {Hefti}, S. and {Reiche}, K.-U. and {Coplan}, M.~A. and 
	{Gloeckler}, G. and {Bochsler}, P. and {Hovestadt}, D. and {Gr{\"u}nwaldt}, H. and 
	{Hilchenbach}, M. and {Gliem}, F. and {Axford}, W.~I. and {Balsiger}, H. and 
	{B{\"u}rgi}, A. and {Geiss}, J. and {Hsieh}, K.~C. and {Kallenbach}, R. and 
	{Klecker}, B. and {Lee}, M.~A. and {Managadze}, Georgy~G. and {Marsch}, E. and 
	{M{\"o}bius}, E. and {Neugebauer}, M. and {Scholer}, M. and 
	{Verigin}, M.~I. and {Wilken}, B. and {Wurz}, P.},
    title = "{Solar wind measurements with SOHO: The CELIAS/MTOF proton monitor}",
  journal = {\jgr},
 keywords = {Interplanetary Physics: Ejecta, driver gases, and magnetic clouds, Interplanetary Physics: Pickup ions, Interplanetary Physics: Solar wind plasma, Interplanetary Physics: Sources of the solar wind},
     year = 1998,
    month = aug,
   volume = 103,
    pages = {17205-17214},
      doi = {10.1029/97JA02770},
   adsurl = {http://adsabs.harvard.edu/abs/1998JGR...10317205I},
  adsnote = {Provided by the SAO/NASA Astrophysics Data System}
}

@BOOK{jackson99,
   author = {{Jackson}, J.~D.},
    title = "{Classical Electrodynamics}",
publisher = {John Wiley \& Sons},
     year = 1999,
  address = "United States of America",
  edition = "3rd",
    pages = 808
}

@ARTICLE{mccomas00,
   author = {{McComas}, David~J. and {Barraclough}, B.~L. and {Funsten}, H.~O. and 
	{Gosling}, J.~T. and {Santiago-Mu{\~n}oz}, E. and {Skoug}, Ruth~M. and 
	{Goldstein}, B.~E. and {Neugebauer}, Marsha and {Riley}, Pete and 
	{Balogh}, A.},
    title = "{Solar wind observations over Ulysses' first full polar orbit}",
  journal = {\jgr},
 keywords = {Interplanetary Physics: Interplanetary magnetic fields, Interplanetary Physics: Solar cycle variations, Interplanetary Physics: Solar wind plasma, Interplanetary Physics: Sources of the solar wind},
     year = 2000,
    month = may,
   volume = 105,
    pages = {10419-10434},
      doi = {10.1029/1999JA000383},
   adsurl = {http://adsabs.harvard.edu/abs/2000JGR...10510419M},
  adsnote = {Provided by the SAO/NASA Astrophysics Data System}
}

@ARTICLE{parker58,
   author = {{Parker}, Eugene~N.},
    title = "{Dynamics of the Interplanetary Gas and Magnetic Fields.}",
  journal = {\apj},
     year = 1958,
    month = nov,
   volume = 128,
    pages = {664-676},
   adsurl = {http://adsabs.harvard.edu/abs/1958ApJ...128..664P},
  adsnote = {Provided by the SAO/NASA Astrophysics Data System}
}

@ARTICLE{parker59,
   author = {{Parker}, Eugene},
    title = "{Extension of the Solar Corona into Interplanetary Space}",
  journal = {\jgr},
     year = 1959,
    month = nov,
   volume = 64,
    pages = {1675-1681},
   adsurl = {http://adsabs.harvard.edu/abs/1959JGR....64.1675P},
  adsnote = {Provided by the SAO/NASA Astrophysics Data System}
}

@ARTICLE{vonsteiger93,
   author = {{von Steiger}, Rudolf and {Geiss}, Johannes},
    title = "{Solar wind composition and expectations for high solar latitudes}",
  journal = {Advances in Space Research},
 keywords = {INTERPLANETARY MEDIUM, PLASMA COMPOSITION, SOLAR WIND, ULYSSES MISSION, EXTREME ULTRAVIOLET RADIATION, LATITUDE},
     year = 1993,
    month = jun,
   volume = 13,
    pages = {63-74},
      doi = {10.1016/0273-1177(93)90392-O},
   adsurl = {http://adsabs.harvard.edu/abs/1993AdSpR..13...63V},
  adsnote = {Provided by the SAO/NASA Astrophysics Data System}
}

@ARTICLE{vonsteiger95,
   author = {{von Steiger}, R. and {Geiss}, Johannes and {Gloeckler}, George and {Galvin}, A.~B.
	},
    title = "{Kinetic Properties of Heavy Ions in the Solar Wind From SWICS/Ulysses}",
  journal = {\ssr},
 keywords = {Solar wind, heavy ions, Ulysses},
     year = 1995,
    month = apr,
   volume = 72,
    pages = {71-76},
      doi = {10.1007/BF00768756},
   adsurl = {http://adsabs.harvard.edu/abs/1995SSRv...72...71V},
  adsnote = {Provided by the SAO/NASA Astrophysics Data System}
}

@INPROCEEDINGS{wimmer03b,
   author = {{Wimmer-Schweingruber}, Robert~F.},
    title = "{Solar Wind Composition}",
 keywords = {solar wind, solar composition, solar evolution, solar atmosphere, solar corona},
booktitle = {Solar Wind Ten},
     year = 2003,
   series = {American Institute of Physics Conference Series},
   volume = 679,
   editor = {{Velli}, M. and {Bruno}, R. and {Malara}, F. and {Bucci}, B.},
    month = sep,
    pages = {577-582},
   adsurl = {http://adsabs.harvard.edu/abs/2003AIPC..679..577W},
  adsnote = {Provided by the SAO/NASA Astrophysics Data System}
}




% ZnO H
@article{zhang2018tuning,
  title={Tuning hydrogen adsorption on pure and doped ZnO (000 1{\={}}) surfaces by a simple electron counting model},
  author={Zhang, Mingfei and Qi, Liang},
  journal={Journal of Applied Physics},
  volume={124},
  number={15},
  pages={155302},
  year={2018},
  publisher={AIP Publishing}
}

@article{pashley1989electron,
  title={Electron counting model and its application to island structures on molecular-beam epitaxy grown GaAs (001) and ZnSe (001)},
  author={Pashley, MD},
  journal={Physical Review B},
  volume={40},
  number={15},
  pages={10481},
  year={1989},
  publisher={APS}
}

@article{kawasaki2018simple,
  title={A simple electron counting model for half-Heusler surfaces},
  author={Kawasaki, Jason K and Sharan, Abhishek and Johansson, Linda IM and Hjort, Martin and Timm, Rainer and Thiagarajan, Balasubramanian and Schultz, Brian D and Mikkelsen, Anders and Janotti, Anderson and Palmstr{\o}m, Chris J},
  journal={Science advances},
  volume={4},
  number={6},
  pages={EAAR5832},
  year={2018},
  publisher={American Association for the Advancement of Science}
}

@article{pearton2010recent,
  title={Recent advances in wide bandgap semiconductor biological and gas sensors},
  author={Pearton, SJ and Ren, F and Wang, Yu-Lin and Chu, BH and Chen, KH and Chang, CY and Lim, Wantae and Lin, Jenshan and Norton, DP},
  journal={Progress in Materials Science},
  volume={55},
  number={1},
  pages={1--59},
  year={2010},
  publisher={Elsevier}
}

@article{friend1987electronic,
  title={Electronic properties of intercalation complexes of the transition metal dichalcogenides},
  author={Friend, RH and Yoffe, AD},
  journal={Advances in Physics},
  volume={36},
  number={1},
  pages={1--94},
  year={1987},
  publisher={Taylor \& Francis}
}

@article{lauritsen2011stabilization,
  title={Stabilization principles for polar surfaces of ZnO},
  author={Lauritsen, Jeppe V and Porsgaard, Soeren and Rasmussen, Morten K and Jensen, Mona CR and Bechstein, Ralf and Meinander, Kristoffer and Clausen, Bjerne S and Helveg, Stig and Wahl, Roman and Kresse, Georg},
  journal={ACS Nano},
  volume={5},
  number={7},
  pages={5987--5994},
  year={2011},
  publisher={ACS Publications}
}
@article{xie2011control,
  title={Control of electronic conduction at an oxide heterointerface using surface polar adsorbates},
  author={Xie, Yanwu and Hikita, Yasuyuki and Bell, Christopher and Hwang, Harold Y},
  volume={2},
  pages={494},
  journal={Nature Communications},
  year={2011}
}
@article{woll2007chemistry,
  title={The chemistry and physics of zinc oxide surfaces},
  author={W{\"o}ll, Christof},
  journal={Progress in Surface Science},
  volume={82},
  number={2},
  pages={55--120},
  year={2007},
  publisher={Elsevier}
}
@article{lee2003electrical,
  title={Electrical and optical properties of ZnO transparent conducting films by the sol-gel method},
  author={Lee, Jin-Hong and Ko, Kyung-Hee and Park, Byung-Ok},
  journal={Journal of Crystal Growth},
  volume={247},
  number={1},
  pages={119--125},
  year={2003},
  publisher={Elsevier}
}
@article{haruta1989gold,
  title={Gold catalysts prepared by coprecipitation for low-temperature oxidation of hydrogen and of carbon monoxide},
  author={Haruta, Masatake and Yamada, N and Kobayashi, T and Iijima, S},
  journal={Journal of Catalysis},
  volume={115},
  number={2},
  pages={301--309},
  year={1989},
  publisher={Elsevier}
}
@article{levy1973platinum,
  title={Platinum-like behavior of tungsten carbide in surface catalysis},
  author={Levy, RB and Boudart, M},
  journal={Science},
  volume={181},
  number={4099},
  pages={547--549},
  year={1973},
  publisher={American Association for the Advancement of Science}
}
@article{major1986effect,
  title={Effect of hydrogen plasma treatment on transparent conducting oxides},
  author={Major, S and Kumar, Satyendra and Bhatnagar, M and Chopra, KL},
  journal={Applied Physics Letters},
  volume={49},
  number={7},
  pages={394--396},
  year={1986},
  publisher={AIP}
}
@article{pallassana1999theoretical,
  title={Theoretical analysis of hydrogen chemisorption on Pd (111), Re (0001) and PdML/Re (0001), ReML/Pd (111) pseudomorphic overlayers},
  author={Pallassana, Venkataraman and Neurock, Matthew and Hansen, Lars B and Hammer, Bj{\o}rk and N{\o}rskov, Jens K},
  journal={Physical Review B},
  volume={60},
  number={8},
  pages={6146},
  year={1999},
  publisher={APS}
}
@article{meyer2004first,
  title={First-principles study of the polar O-terminated ZnO surface in thermodynamic equilibrium with oxygen and hydrogen},
  author={Meyer, B},
  journal={Physical Review B},
  volume={69},
  number={4},
  pages={045416},
  year={2004},
  publisher={APS}
}
@article{lin2007density,
  title={A density functional study of the effect of hydrogen on the strength of an epitaxial Ag/ZnO interface},
  author={Lin, Zheshuai and Bristowe, Paul D},
  journal={Journal of Applied Physics},
  volume={102},
  number={10},
  pages={103513},
  year={2007},
  publisher={AIP}
}
@article{duriau2006growth,
  title={Growth of Ag thin films on ZnO (000-1) investigated by AES and STM},
  author={Duriau, E and Agouram, S and Morhain, C and Seldrum, T and Sporken, R and Dumont, J},
  journal={Applied Surface Science},
  volume={253},
  number={2},
  pages={549--554},
  year={2006},
  publisher={Elsevier}
}
@article{lin2009first,
  title={A first principles study of the properties of Al: ZnO and its adhesion to Ag in an optical coating},
  author={Lin, Zheshuai and Bristowe, Paul D},
  journal={Journal of Applied Physics},
  volume={106},
  number={1},
  pages={013520},
  year={2009},
  publisher={AIP}
}
@article{lahmer2015effect,
  title={Effect of hydrogen adsorption on the electronic and optical properties of the Mg-doped O-terminated ZnO surface},
  author={Lahmer, Mohammed Ali and Guergouri, Kamel},
  journal={Surface Science},
  volume={633},
  pages={24--28},
  year={2015},
  publisher={Elsevier}
}
@article{kresse1996efficient,
  title={Efficient iterative schemes for ab initio total-energy calculations using a plane-wave basis set},
  author={Kresse, Georg and Furthm{\"u}ller, J{\"u}rgen},
  journal={Physical Review B},
  volume={54},
  number={16},
  pages={11169},
  year={1996},
  publisher={APS}
}
@article{kresse1999ultrasoft,
  title={From ultrasoft pseudopotentials to the projector augmented-wave method},
  author={Kresse, Georg and Joubert, D},
  journal={Physical Review B},
  volume={59},
  number={3},
  pages={1758},
  year={1999},
  publisher={APS}
}
@article{blochl1994projector,
  title={Projector augmented-wave method},
  author={Bl{\"o}chl, Peter E},
  journal={Physical Review B},
  volume={50},
  number={24},
  pages={17953},
  year={1994},
  publisher={APS}
}
@article{perdew1996generalized,
  title={Generalized gradient approximation made simple},
  author={Perdew, John P and Burke, Kieron and Ernzerhof, Matthias},
  journal={Physical Review Letters},
  volume={77},
  number={18},
  pages={3865},
  year={1996},
  publisher={APS}
}
@article{huang2012detailed,
  title={Detailed check of the LDA+ U and GGA+ U corrected method for defect calculations in wurtzite ZnO},
  author={Huang, Gui-Yang and Wang, Chong-Yu and Wang, Jian-Tao},
  journal={Computer Physics Communications},
  volume={183},
  number={8},
  pages={1749--1752},
  year={2012},
  publisher={Elsevier}
}
@article{oba2010native,
  title={Native defects in oxide semiconductors: a density functional approach},
  author={Oba, Fumiyasu and Choi, Minseok and Togo, Atsushi and Seko, Atsuto and Tanaka, Isao},
  journal={Journal of Physics: Condensed Matter},
  volume={22},
  number={38},
  pages={384211},
  year={2010},
  publisher={IOP Publishing}
}
@article{dudarev1998electron,
  title={Electron-energy-loss spectra and the structural stability of nickel oxide: an LSDA+ U study},
  author={Dudarev, SL and Botton, GA and Savrasov, SY and Humphreys, CJ and Sutton, AP},
  journal={Physical Review B},
  volume={57},
  number={3},
  pages={1505},
  year={1998},
  publisher={APS}
}
@article{tang2009grid,
  title={A grid-based Bader analysis algorithm without lattice bias},
  author={Tang, W and Sanville, E and Henkelman, G},
  journal={Journal of Physics: Condensed Matter},
  volume={21},
  number={8},
  pages={084204},
  year={2009},
  publisher={IOP Publishing}
}
@article{calzolari2013dipolar,
  title={Dipolar and charge transfer effects on the atomic stabilization of ZnO polar surfaces},
  author={Calzolari, Arrigo and Bazzani, Mirco and Catellani, Alessandra},
  journal={Surface Science},
  volume={607},
  pages={181--186},
  year={2013},
  publisher={Elsevier}
}
@article{lin2007microscopic,
  title={Microscopic characteristics of the Ag (111)/ ZnO (0001) interface present in optical coatings},
  author={Lin, Zheshuai and Bristowe, Paul D},
  journal={Physical Review B},
  volume={75},
  number={20},
  pages={205423},
  year={2007},
  publisher={APS}
}
@article{janotti2009fundamentals,
  title={Fundamentals of zinc oxide as a semiconductor},
  author={Janotti, Anderson and Van de Walle, Chris G},
  journal={Reports on Progress in Physics},
  volume={72},
  number={12},
  pages={126501},
  year={2009},
  publisher={IOP Publishing}
}
@article{wang2005hydrogen,
  title={Hydrogen induced metallicity on the ZnO (10-10) surface},
  author={Wang, Y and Meyer, B and Yin, X and Kunat, M and Langenberg, D and Traeger, F and Birkner, A and W{\"o}ll, Ch},
  journal={Physical Review Letters},
  volume={95},
  number={26},
  pages={266104},
  year={2005},
  publisher={APS}
}
@article{qi2012adsorbate,
  title={Adsorbate interactions on surface lead to a flattened Sabatier volcano plot in reduction of oxygen},
  author={Qi, Liang and Li, Ju},
  journal={Journal of Catalysis},
  volume={295},
  pages={59--69},
  year={2012},
  publisher={Elsevier}
}

@article{monkhorst1976special,
  title={Special points for brillouin-zone integrations},
  author={Monkhorst, Hendrik J and Pack, James D},
  journal={Physical Review B},
  volume={13},
  number={12},
  pages={5188},
  year={1976},
  publisher={APS}
}
@article{valtiner2009temperature,
  title={Temperature stabilized surface reconstructions at polar ZnO (0001)},
  author={Valtiner, Markus and Todorova, Mira and Grundmeier, Guido and Neugebauer, J{\"o}rg},
  journal={Physical Review Letters},
  volume={103},
  number={6},
  pages={065502},
  year={2009},
  publisher={APS}
}

@article{wahl2013stabilization,
  title={Stabilization mechanism for the polar ZnO (000-1)-O surface},
  author={Wahl, Roman and Lauritsen, Jeppe V and Besenbacher, Flemming and Kresse, Georg},
  journal={Physical Review B},
  volume={87},
  number={8},
  pages={085313},
  year={2013},
  publisher={APS}
}
@article{dulub2003novel,
  title={Novel stabilization mechanism on polar surfaces: ZnO (0001)-Zn},
  author={Dulub, Olga and Diebold, Ulrike and Kresse, G},
  journal={Physical Review Letters},
  volume={90},
  number={1},
  pages={016102},
  year={2003},
  publisher={APS}
}
@article{kresse2003competing,
  title={Competing stabilization mechanism for the polar ZnO (0001)-Zn surface},
  author={Kresse, Georg and Dulub, Olga and Diebold, Ulrike},
  journal={Physical Review B},
  volume={68},
  number={24},
  pages={245409},
  year={2003},
  publisher={APS}
}
@article{wander2001stability,
  title={Stability of polar oxide surfaces},
  author={Wander, A and Schedin, F and Steadman, P and Norris, A and McGrath, R and Turner, TS and Thornton, G and Harrison, NM},
  journal={Physical Review Letters},
  volume={86},
  number={17},
  pages={3811},
  year={2001},
  publisher={APS}
}
@article{hellstrom2017surface,
  title={Surface phase diagram prediction from a minimal number of DFT calculations: redox-active adsorbates on Zinc oxide},
  author={Hellstrom, Matti and Behler, Jorg},
  journal={Physical Chemistry Chemical Physics},
  volume={19},
  number={42},
  pages={28731--28748},
  year={2017},
  publisher={Royal Society of Chemistry}
}
@article{Miller09,
Author = {Miller, Spencer D. and Kitchin, John R.},
Title = {Relating the coverage dependence of oxygen adsorption on Au and Pt
   fcc(111) surfaces through adsorbate-induced surface electronic structure
   effects},
Journal = {Surface Science},
Year = {2009},
Volume = {603},
Number = {5},
Pages = {794-801}
}
@article{Benard01,
Author = {Benard, P and Chahine, R},
Title = {Determination of the adsorption isotherms of hydrogen on activated
   carbons above the critical temperature of the adsorbate over wide
   temperature and pressure ranges},
Journal = {Langmuir},
Year = {2001},
Volume = {17},
Number = {6},
Pages = {1950-1955}
}
@article{Jacobs16ZnO,
Author = {Jacobs, R. and Zheng, B. and Puchala, B. and Voyles, P. M. and Yankovich, A. B. and Morgan, D.},
Title = {Counterintuitive reconstruction of the polar O-terminated ZnO surface with zinc vacancies and hydrogen},
Journal = {Journal of Physical Chemistry Letters},
Year = {2016},
Volume = {7},
Pages = {4483−4487}
}
@article{deWalle02GaN,
  title={First-principles surface phase diagram for hydrogen on GaN surfaces},
  author={Van de Walle, Chris G and Neugebauer, J.},
  journal={Physical Review Letters},
  volume={88},
  pages={066103},
  year={2002},
}
@article{Harrison79,
  title={Theory of polar semiconductor surfaces},
  author={Harrison, Walter A.},
  journal={Journal of Vacuum Science and Technology},
  volume={16},
  pages={1492},
  year={1979},
}
@article{Kaxiras87,
  title={Ab initio theory of polar semiconductor surfaces. I. Methodology and the (2x2) reconstructions of GaAs(111)},
  author={Kaxiras, E. and Bar-Yam, Y. and Joannopoulos, J. D. and Pandey, K. C.},
  journal={Physical Review B},
  volume={35},
  pages={9625},
  year={1987},
}

@article{Lin17_Ni_SnO2,
Author = {Lin, Zhidong and Li, Na and Chen, Zhe and Fu, Ping},
Title = {The effect of Ni doping concentration on the gas sensing properties of
   Ni doped SnO2},
Journal = {Sensors and Actuators B: Chemical},
Year = {2017},
Volume = {239},
Pages = {501-510},
Month = {FEB},
}


@article{Hsu14_Ag_ZnO,
Author = {Hsu, Mu-Hsiang and Chang, Chi-Jung},
Title = {Ag-doped ZnO nanorods coated metal wire meshes as hierarchical
   photocatalysts with high visible-light driven photoactivity and
   photostability},
Journal = {Journal of Hazardous Materials},
Year = {2014},
Volume = {278},
Pages = {444-453},
Month = {AUG 15},
}

@article{Kim14_doped,
Author = {Kim, Hyo-Joong and Lee, Jong-Heun},
Title = {Highly sensitive and selective gas sensors using p-type oxide
   semiconductors: overview},
Journal = {Sensors and Actuators B: Chemical},
Year = {2014},
Volume = {192},
Pages = {607-627},
Month = {MAR},
}

@article{Buonsanti11_Al_ZnO,
Author = {Buonsanti, Raffaella and Llordes, Anna and Aloni, Shaul and Helms, Brett
   A. and Milliron, Delia J.},
Title = {Tunable infrared absorption and visible transparency of colloidal
   aluminum-doped Zinc oxide nanocrystals},
Journal = {Nano Letters},
Year = {2011},
Volume = {11},
Number = {11},
Pages = {4706-4710},
Month = {NOV},
}

@article{Ling11_Sn-Doped,
Author = {Ling, Yichuan and Wang, Gongming and Wheeler, Damon A. and Zhang, Jin Z.
   and Li, Yat},
Title = {Sn-doped hematite nanostructures for photoelectrochemical water
   splitting},
Journal = {Nano Letters},
Year = {2011},
Volume = {11},
Number = {5},
Pages = {2119-2125},
Month = {MAY},
}

@article{Georgekutty08_Ag_ZnO,
Author = {Georgekutty, Reenamole and Seery, Michael K. and Pillai, Suresh C.},
Title = {A highly efficient Ag-ZnO photocatalyst: synthesis, properties, and
   mechanism},
Journal = {Journal of Physical Chemistry C},
Year = {2008},
Volume = {112},
Number = {35},
Pages = {13563-13570},
Month = {SEP 4},
}

@article{Pan08_doped_ZnO,
Author = {Pan, F. and Song, C. and Liu, X. J. and Yang, Y. C. and Zeng, F.},
Title = {Ferromagnetism and possible application in spintronics of
   transition-metal-doped ZnO films},
Journal = {Materials Science \& Engineering R: Reports},
Year = {2008},
Volume = {62},
Number = {1},
Pages = {1-35},
Month = {JUN 30},
}

@article{Meyer03,
Author = {Meyer, B and Marx, D},
Title = {Density-functional study of the structure and stability of ZnO surfaces},
Journal = {Physical Review B},
Year = {2003},
Volume = {67},
Number = {3},
Month = {JAN 15},
Article-Number = {035403},
}


@article{Kibler05,
Author = {Kibler, LA and El-Aziz, AM and Hoyer, R and Kolb, DM},
Title = {Tuning reaction rates by lateral strain in a Palladium monolayer},
Journal = {Angewandte Chemie},
Year = {2005},
Volume = {44},
Number = {14},
Pages = {2080-2084},
}

@article{HAMMER95,
Author = {Hammer, B and  N{\o}rskov, JK},
Title = {Why gold is the noblest of all the metals},
Journal = {Nature},
Year = {1995},
Volume = {376},
Number = {6537},
Pages = {238-240},
Month = {JUL 20},
}


@article{Klingshirn07_ZnO,
Author = {Klingshirn, C.},
Title = {ZnO: From basics towards applications},
Journal = {Physica Status Solidi (b) Basic Solid State Physics},
Year = {2007},
Volume = {244},
Number = {9},
Pages = {3027-3073},
Month = {SEP},
}

@article{Ozgur05_ZnO,
Author = {Ozgur, U and Alivov, YI and Liu, C and Teke, A and Reshchikov, MA and
   Dogan, S and Avrutin, V and Cho, SJ and Morkoc, H},
Title = {A comprehensive review of ZnO materials and devices},
Journal = {Journal of Applied Physics},
Year = {2005},
Volume = {98},
Number = {4},
Month = {AUG 15},
Article-Number = {041301},
}

@book{Greenwood97,
Author = {Greenwood, N and Earnshaw, A},
Title = {Chemistry of the Elements (2nd ed.)},
publisher = {Butterworth-Heinemann},
Year = {1997},
}


% Mg Fe H
@article{zhang2019first,
  title={First-principles search for alloying elements that increase corrosion resistance of Mg with second-phase particles of transition metal impurities},
  author={Zhang, Mingfei and Hector Jr, Louis G and Guo, Yang and Liu, Ming and Qi, Liang},
  journal={Computational Materials Science},
  volume={165},
  pages={154--166},
  year={2019},
  publisher={Elsevier}
}

@inproceedings{luo2005development,
  title={Development of a moderate temperature bending process for magnesium alloy extrusions},
  author={Luo, Alan A and Sachdev, Anil K},
  booktitle={Materials Science Forum},
  volume={488},
  pages={477--482},
  year={2005},
  organization={Trans Tech Publ}
}
@article{luo2006wrought,
  title={Wrought magnesium research for automotive applications.},
  author={Luo, A},
  journal={Magnesium Technology 2006},
  pages={333--339},
  year={2006}
}
@article{carter2011structural,
  title={Structural evaluation of an experimental aluminum/magnesium decklid},
  author={Carter, Jon T and Melo, Andres R and Savic, Vesna and Hector Jr, Louis Gerard and Krajewski, Paul E},
  journal={SAE International Journal of Materials and Manufacturing},
  volume={4},
  number={1},
  pages={166--174},
  year={2011},
  publisher={JSTOR}
}
@techreport{jekl2015development,
  title={Development of a thin-wall magnesium side door inner panel for automobiles},
  author={Jekl, J and Auld, J and Sweet, C and Carter, Jon and Resch, Steve and Klarner, A and Brevick, J and Luo, A},
  year={2015},
  institution={General Motors LLC}
}
@article{luo2013magnesium,
  title={Magnesium casting technology for structural applications},
  author={Luo, Alan A},
  journal={journal of Magnesium and Alloys},
  volume={1},
  number={1},
  pages={2--22},
  year={2013},
  publisher={Elsevier}
}
@article{yasi2010first,
  title={First-principles data for solid-solution strengthening of magnesium: From geometry and chemistry to properties},
  author={Yasi, Joseph A and Hector Jr, Louis G and Trinkle, Dallas R},
  journal={Acta Materialia},
  volume={58},
  number={17},
  pages={5704--5713},
  year={2010},
  publisher={Elsevier}
}
@techreport{zheng2005corrosion,
  title={Corrosion protection of structural magnesium alloys: Recent development},
  author={Zheng, Wenyue and DeRushie, C and Lo, J and Osborne, R},
  year={2005},
  institution={SAE Technical Paper}
}
@article{birbilis2014evidence,
  title={Evidence for enhanced catalytic activity of magnesium arising from anodic dissolution},
  author={Birbilis, Nick and King, Andrew D and Thomas, Sebastian and Frankel, Gerald S and Scully, John R},
  journal={Electrochimica Acta},
  volume={132},
  pages={277--283},
  year={2014},
  publisher={Elsevier}
}
@article{zeng2006review,
  title={Review of studies on corrosion of magnesium alloys},
  author={Zeng, Rong-chang and Zhang, Jin and Huang, Wei-jiu and Dietzel, W and Kainer, KU and Blawert, C and Wei, KE},
  journal={Transactions of Nonferrous Metals Society of China},
  volume={16},
  pages={s763--s771},
  year={2006},
  publisher={Elsevier}
}
@article{liu2016controlling,
  title={Controlling the corrosion and cathodic activation of magnesium via microalloying additions of Ge},
  author={Liu, RL and Hurley, MF and Kvryan, A and Williams, G and Scully, JR and Birbilis, N},
  journal={Scientific reports},
  volume={6},
  pages={28747},
  year={2016},
  publisher={Nature Publishing Group}
}
@article{ralston2012effect,
  title={Effect of pH on the grain size dependence of magnesium corrosion},
  author={Ralston, Kevin Douglas and Williams, G and Birbilis, Nick},
  journal={Corrosion},
  volume={68},
  number={6},
  pages={507--517},
  year={2012},
  publisher={NACE International}
}
@article{hanawalt1942corrosion,
  title={Corrosion studies of magnesium and its alloys},
  author={Hanawalt, JD and Nelson, CE and Peloubet, JA and others},
  journal={trans. AIME},
  volume={147},
  pages={273--299},
  year={1942}
}
@article{mcnulty1942some,
  title={Some corrosion characteristics of high purity magnesium alloys},
  author={McNulty, RE and Hanawalt, JD},
  journal={Transactions of The Electrochemical Society},
  volume={81},
  number={1},
  pages={423--433},
  year={1942},
  publisher={The Electrochemical Society}
}
@article{yang2015corrosion,
  title={Corrosion behavior of pure magnesium with low iron content in 3.5 wt\% NaCl solution},
  author={Yang, Lei and Zhou, Xiaorong and Curioni, Michele and Pawar, Surajkumar and Liu, Hong and Fan, Zhongyun and Scamans, Geoff and Thompson, George},
  journal={Journal of The Electrochemical Society},
  volume={162},
  number={7},
  pages={C362--C368},
  year={2015},
  publisher={The Electrochemical Society}
}
@article{scharf2007iron,
  title={Iron pickup of AZ91 and AS31 magnesium melts in steel crucibles},
  author={Scharf, Christiane and Ditze, Andre},
  journal={Advanced Engineering Materials},
  volume={9},
  number={7},
  pages={566--571},
  year={2007},
  publisher={Wiley Online Library}
}
@article{eaves2012inhibition,
  title={Inhibition of self-corrosion in magnesium by poisoning hydrogen recombination on iron impurities},
  author={Eaves, D and Williams, G and McMurray, HN},
  journal={Electrochimica Acta},
  volume={79},
  pages={1--7},
  year={2012},
  publisher={Elsevier}
}
@article{hoche2016effect,
  title={The effect of iron re-deposition on the corrosion of impurity-containing magnesium},
  author={H{\"o}che, Daniel and Blawert, Carsten and Lamaka, Sviatlana V and Scharnagl, Nico and Mendis, Chamini and Zheludkevich, Mikhail L},
  journal={Physical Chemistry Chemical Physics},
  volume={18},
  number={2},
  pages={1279--1291},
  year={2016},
  publisher={Royal Society of Chemistry}
}
@article{yang2018effect,
  title={Effect of iron content on the corrosion of pure magnesium: Critical factor for iron tolerance limit},
  author={Yang, Lei and Liu, Guangkun and Ma, Liangong and Zhang, Erlin and Zhou, Xiaorong and Thompson, George},
  journal={Corrosion Science},
  volume={139},
  pages={421--429},
  year={2018},
  publisher={Elsevier}
}
@article{taheri2012analysis,
  title={Analysis of the surface film formed on Mg by exposure to water using a FIB cross-section and STEM--EDS},
  author={Taheri, M and Phillips, RC and Kish, JR and Botton, GA},
  journal={Corrosion Science},
  volume={59},
  pages={222--228},
  year={2012},
  publisher={Elsevier}
}
@article{taheri2014towards,
  title={Towards a physical description for the origin of enhanced catalytic activity of corroding magnesium surfaces},
  author={Taheri, Mehdi and Kish, JR and Birbilis, Nick and Danaie, Mohsen and McNally, Elizabeth A and McDermid, Joseph Robert},
  journal={Electrochimica Acta},
  volume={116},
  pages={396--403},
  year={2014},
  publisher={Elsevier}
}
@article{song2003understanding,
  title={Understanding magnesium corrosion—a framework for improved alloy performance},
  author={Song, Guangling and Atrens, Andrej},
  journal={Advanced engineering materials},
  volume={5},
  number={12},
  pages={837--858},
  year={2003},
  publisher={Wiley Online Library}
}
@article{esmaily2017fundamentals,
  title={Fundamentals and advances in magnesium alloy corrosion},
  author={Esmaily, M and Svensson, JE and Fajardo, S and Birbilis, N and Frankel, GS and Virtanen, S and Arrabal, R and Thomas, S and Johansson, LG},
  journal={Progress in Materials Science},
  volume={89},
  pages={92--193},
  year={2017},
  publisher={Elsevier}
}
@article{medford2015sabatier,
  title={From the Sabatier principle to a predictive theory of transition-metal heterogeneous catalysis},
  author={Medford, Andrew J and Vojvodic, Aleksandra and Hummelsh{\o}j, Jens S and Voss, Johannes and Abild-Pedersen, Frank and Studt, Felix and Bligaard, Thomas and Nilsson, Anders and N{\o}rskov, Jens K},
  journal={Journal of Catalysis},
  volume={328},
  pages={36--42},
  year={2015},
  publisher={Elsevier}
}
@article{sheng2013correlating,
  title={Correlating the hydrogen evolution reaction activity in alkaline electrolytes with the hydrogen binding energy on monometallic surfaces},
  author={Sheng, Wenchao and Myint, MyatNoeZin and Chen, Jingguang G and Yan, Yushan},
  journal={Energy \& Environmental Science},
  volume={6},
  number={5},
  pages={1509--1512},
  year={2013},
  publisher={Royal Society of Chemistry}
}
@article{taub2002mechanism,
  title={Mechanism of Dihydrogen Formation in the Magnesium- Water Reaction},
  author={Taub, Irwin A and Roberts, Warren and LaGambina, Sebastian and Kustin, Kenneth},
  journal={The Journal of Physical Chemistry A},
  volume={106},
  number={35},
  pages={8070--8078},
  year={2002},
  publisher={ACS Publications}
}
@book{ghali2010corrosion,
  title={Corrosion resistance of aluminum and magnesium alloys: understanding, performance, and testing},
  author={Ghali, Edward},
  volume={12},
  year={2010},
  publisher={John Wiley \& Sons}
}
@misc{walling1968electrochemical,
  title={Electrochemical kinetics, theoretical and experimental aspects (Vetter, Klaus J.)},
  author={Walling, JF},
  year={1968},
  publisher={ACS Publications}
}
@article{liu2018simultaneously,
  title={Simultaneously improving the corrosion resistance and strength of magnesium via low levels of Zn and Ge additions},
  author={Liu, RL and Zeng, ZR and Scully, JR and Williams, G and Birbilis, N},
  journal={Corrosion Science},
  volume={140},
  pages={18--29},
  year={2018},
  publisher={Elsevier}
}
@article{birbilis2009corrosion,
  title={On the corrosion of binary magnesium-rare earth alloys},
  author={Birbilis, Nick and Easton, Mark A and Sudholz, AD and Zhu, Su-Ming and Gibson, MA},
  journal={Corrosion Science},
  volume={51},
  number={3},
  pages={683--689},
  year={2009},
  publisher={Elsevier}
}
@article{liu2009effect,
  title={Effect of rare earth element Ce and La on corrosion behavior of AM60 magnesium alloy},
  author={Liu, Wenjuan and Cao, Fahe and Chang, Linrong and Zhang, Zhao and Zhang, Jianqing},
  journal={Corrosion Science},
  volume={51},
  number={6},
  pages={1334--1343},
  year={2009},
  publisher={Elsevier}
}
@article{shi2013corrosion,
  title={Corrosion behaviour in salt spray and in 3.5\% NaCl solution saturated with Mg (OH) 2 of as-cast and solution heat-treated binary Mg--RE alloys: RE= Ce, La, Nd, Y, Gd},
  author={Shi, Zhiming and Cao, Fuyong and Song, Guang-Ling and Liu, Ming and Atrens, Andrej},
  journal={Corrosion Science},
  volume={76},
  pages={98--118},
  year={2013},
  publisher={Elsevier}
}
@article{xu2015high,
  title={A high-specific-strength and corrosion-resistant magnesium alloy},
  author={Xu, Wanqiang and Birbilis, Nick and Sha, Gang and Wang, Yu and Daniels, John E and Xiao, Yang and Ferry, Michael},
  journal={Nature materials},
  volume={14},
  number={12},
  pages={1229},
  year={2015},
  publisher={Nature Publishing Group}
}
@article{cain2019corrosion,
  title={The corrosion of solid solution Mg-Sn binary alloys in NaCl solutions},
  author={Cain, TW and Glover, CF and Scully, JR},
  journal={Electrochimica Acta},
  volume={297},
  pages={564--575},
  year={2019},
  publisher={Elsevier}
}

@article{winkler2017predicting,
  title={Predicting the performance of organic corrosion inhibitors},
  author={Winkler, David},
  journal={Metals},
  volume={7},
  number={12},
  pages={553},
  year={2017},
  publisher={Multidisciplinary Digital Publishing Institute}
}
@article{greeley2006computational,
  title={Computational high-throughput screening of electrocatalytic materials for hydrogen evolution},
  author={Greeley, Jeff and Jaramillo, Thomas F and Bonde, Jacob and Chorkendorff, IB and N{\o}rskov, Jens K},
  journal={Nature materials},
  volume={5},
  number={11},
  pages={909--913},
  year={2006},
  publisher={Nature Publishing Group}
}
@article{choudhary2017high,
  title={High-throughput Identification and Characterization of Two-dimensional Materials using Density functional theory},
  author={Choudhary, Kamal and Kalish, Irina and Beams, Ryan and Tavazza, Francesca},
  journal={Scientific reports},
  volume={7},
  number={1},
  pages={5179},
  year={2017},
  publisher={Nature Publishing Group}
}
@article{yan2017solar,
  title={Solar fuels photoanode materials discovery by integrating high-throughput theory and experiment},
  author={Yan, Qimin and Yu, Jie and Suram, Santosh K and Zhou, Lan and Shinde, Aniketa and Newhouse, Paul F and Chen, Wei and Li, Guo and Persson, Kristin A and Gregoire, John M and others},
  journal={Proceedings of the National Academy of Sciences},
  volume={114},
  number={12},
  pages={3040--3043},
  year={2017},
  publisher={National Acad Sciences}
}
@incollection{tanaka2016toward,
  title={Toward materials discovery with first-principles datasets and learning methods},
  author={Tanaka, Isao and Seko, Atsuto},
  booktitle={Information Science for Materials Discovery and Design},
  pages={173--186},
  year={2016},
  publisher={Springer}
}
@article{lu2017data,
  title={Data mining-aided materials discovery and optimization},
  author={Lu, Wencong and Xiao, Ruijuan and Yang, Jiong and Li, Hong and Zhang, Wenqing},
  journal={Journal of Materiomics},
  volume={3},
  number={3},
  pages={191--201},
  year={2017},
  publisher={Elsevier}
}
@article{saal2013materials,
  title={Materials design and discovery with high-throughput density functional theory: the open quantum materials database (OQMD)},
  author={Saal, James E and Kirklin, Scott and Aykol, Muratahan and Meredig, Bryce and Wolverton, Christopher},
  journal={Jom},
  volume={65},
  number={11},
  pages={1501--1509},
  year={2013},
  publisher={Springer}
}
@article{seko2015prediction,
  title={Prediction of low-thermal-conductivity compounds with first-principles anharmonic lattice-dynamics calculations and Bayesian optimization},
  author={Seko, Atsuto and Togo, Atsushi and Hayashi, Hiroyuki and Tsuda, Koji and Chaput, Laurent and Tanaka, Isao},
  journal={Physical review letters},
  volume={115},
  number={20},
  pages={205901},
  year={2015},
  publisher={APS}
}

